@Article{journals/ccr/TennenhouseW07,
  title =	"Towards an active network architecture",
  author =	"David L. Tennenhouse and David Wetherall",
  journal =	"Computer Communication Review",
  year = 	"2007",
  number =	"5",
  volume =	"37",
  bibdate =	"2007-10-23",
  bibsource =	"DBLP,
		 http://dblp.uni-trier.de/db/journals/ccr/ccr37.html#TennenhouseW07",
  pages =	"81--94",
  URL =  	"http://doi.acm.org/10.1145/1290168.1290180",
}



